@article{baset2004analysis,
  title={An analysis of the skype peer-to-peer internet telephony protocol},
  author={Baset, Salman A and Schulzrinne, Henning},
  journal={arXiv preprint cs/0412017},
  year={2004}
}
@misc{miguelgrinberg,
  author = {Miguel Grinberg},
  title = {flask-video-streaming},
  year = {2015},
  publisher = {GitHub},
  journal = {GitHub repository},
  howpublished = {\\https://github.com/miguelgrinberg/flask-video-streaming/tree/v1},
  commit = {f208387}
}

@book{antonopoulos2010cloud,
  title={Cloud computing},
  author={Antonopoulos, Nick and Gillam, Lee},
  year={2010},
  publisher={Springer}
}
