@article{cliff2010remotely,
  title={Remotely hosted services and'cloud computing'},
  author={Cliff, Dave},
  year={2010},
  publisher={British Educational Communications and Technology Agency (BECTA)}
}
@article{mell2011nist,
  title={The NIST definition of cloud computing},
  author={Mell, Peter and Grance, Tim and others},
  year={2011},
  publisher={Computer Security Division, Information Technology Laboratory, National Institute of Standards and Technology Gaithersburg}
}
@book{carr2008big,
  title={The big switch: Rewiring the world, from Edison to Google},
  author={Carr, Nicholas G},
  year={2008},
  publisher={WW Norton \& Company}
}
@article{turner2003turning,
  title={Turning software into a service.},
  author={Turner, Mark and Budgen, David and Brereton, Pearl},
  journal={Computer.},
  volume={36},
  number={10},
  pages={38--44},
  year={2003},
  publisher={IEEE}
}
@article{ren2012security,
  title={Security challenges for the public cloud},
  author={Ren, Kui and Wang, Cong and Wang, Qian},
  journal={IEEE Internet Computing},
  volume={16},
  number={1},
  pages={69--73},
  year={2012},
  publisher={IEEE}
}
@article{guo2014cost,
  title={Cost-aware cloud bursting for enterprise applications},
  author={Guo, Tian and Sharma, Upendra and Shenoy, Prashant and Wood, Timothy and Sahu, Sambit},
  journal={ACM Transactions on Internet Technology (TOIT)},
  volume={13},
  number={3},
  pages={10},
  year={2014},
  publisher={ACM}
}
@misc{WinNT,
  title = {What are public, private and hybrid clouds?},
  note = {https://azure.microsoft.com/en-gb/overview/what-are-private-public-hybrid-clouds/\\Accessed: 2018-10-10}
}


